@article{LaTeX排版的若干策略与技巧,
author={刘桐言 and 张慧 and 杜心悦},
title={LaTeX排版的若干策略与技巧},
journal={电脑知识与技术},
year={2019},
volume={15},
number={33},
pages={255-256,267},
month={12},
}

@article{应用LaTeX系统规范本科毕业论文的优势,
author={毛华荣 and 李勇},
title={应用LaTeX系统规范本科毕业论文的优势},
journal={百科知识},
year={2019},
number={18},
pages={46,56},
month={8},
}

@article{使用LaTeX软件开展编辑工作的一些经验,
author={李鹏},
title={使用LaTeX软件开展编辑工作的一些经验},
journal={新闻研究导刊},
year={2019},
volume={10},
number={9},
pages={180,251},
month={6},
}

